@manual{Python3Documentation,
   key = "Python documentation",
   organization = "Python Software Foundation",
   title = "Regular expression operations",
   year = "2012",
   note = "\url{https://docs.python.org/2/library/re.html} [Online; accessed 15-April-2015]"
}


@mastersthesis{mojaBak,
  author = "Tatiana Tóthová",
  title = "Moderné regulárne výrazy",
  school = "FMFI UK",
  year = "2013",
  type = "Bachelor's Thesis",
  note = "\url{https://github.com/tatianka/bak} [Online; accessed 15-April-2015]"
}

@article{newResults,
 author = {Ellul, Keith and Krawetz, Bryan and Shallit, Jeffrey and Wang, Ming-wei},
 title = {Regular Expressions: New Results and Open Problems},
 journal = {J. Autom. Lang. Comb.},
 issue_date = {September 2004},
 volume = {9},
 number = {2-3},
 month = sep,
 year = {2004},
 issn = {1430-189X},
 pages = {233--256},
 numpages = {24},
 url = {http://dl.acm.org/citation.cfm?id=1103362.1103368},
 acmid = {1103368},
 publisher = {Otto-von-Guericke-Universitat},
 address = {Magdeburg, Germany, Germany},
 keywords = {finite automaton, regular expression},
 note = "\url{https://cs.uwaterloo.ca/~shallit/Papers/re3.pdf}[Online; accessed 15-April-2015]"
} 


@article{compMeasures75,
  author = "Andrzej Ehrenfeucht and Paul Zeiger",
  title = "Complexity Measures for Regular Expressions",
  journal = "Journal of Computer and System Sciences",
  volume = "12",
  number = "2",
  pages = "134-146",
  year = "1976",
  note = "\url{http://digitool.library.colostate.edu///exlibris/dtl/d3_1/apache_media/L2V4bGlicmlzL2R0 bC9kM18xL2FwYWNoZV9tZWRpYS8xNjYzMDQ=.pdf} [Online; accessed 15-April-2015]" 
}

@article{ExtendedRegexPower,
author = {Câmpeanu, Cezar and Salomaa, Kai and Yu, Sheng},
title = {A formal study of practical regular expressions},
journal = {International Journal of Foundations of Computer Science},
volume = {14},
number = {06},
pages = {1007-1018},
year = {2003},
doi = {10.1142/S012905410300214X},
note = "\url{http://www.worldscientific.com/doi/abs/10.1142/S012905410300214X} [Online; accessed 15-April-2015]",
URL = {http://www.worldscientific.com/doi/abs/10.1142/S012905410300214X},
eprint = {http://www.worldscientific.com/doi/pdf/10.1142/S012905410300214X}
}

@inproceedings{ExtendedRegexIntersec,
author = {Carle, Benjamin and Nadendran, Paliath},
title = {On extended regular expressions},
booktitle = {Language and Automata Theory and Applications},
volume = {3},
pages = {279-289},
year = {2009},
month = {April},
publisher = {Springer},
note = "\url{http://www.cs.albany.edu/~dran/my_research/papers/LATA_version.pdf} [Online; accessed 15-April-2015]"
}

@article{Savitch,
author = {Savitch, Walter J.},
title = {Relationships between nondeterministic and deterministic tape complexities},
journal = {Journal of Computer and System Sciences},
year = {1970},
volume = {4},
number = {2},
pages = {177-192},
}

@Misc{Savitch_skripta,
author = {Ďuriš, Pavol},
title = {Výpočtová zložitosť (materiály k prednáške)},
year = {2003},
note = {\url{http://www.dcs.fmph.uniba.sk/zlozitost/data/zlozitost_duris.pdf}[Onlice; accessed 10-April-2015]},
}


